@article{buhalis-2021,
	author = {Buhalis, Dimitrios and Volchek, Katerina},
	journal = {International Journal of Information Management},
	month = {2},
	pages = {102253},
	publisher = {Elsevier BV},
	title = {{Bridging marketing theory and big data analytics: The taxonomy of marketing attribution}},
	volume = {56},
	year = {2021},
	doi = {10.1016/j.ijinfomgt.2020.102253},
	url = {https://doi.org/10.1016/j.ijinfomgt.2020.102253}       , 
}
@misc{cho-2014,
	author = {Cho, Kyunghyun},
	month = {6},
	title = {{Learning Phrase Representations using RNN Encoder-Decoder for Statistical Machine Translation}},
	year = {2014},
	url = {https://arxiv.org/abs/1406.1078},
}
@misc{du-2019,
	author = {Du, Ruihuan},
	month = {2},
	title = {{Causally Driven Incremental Multi Touch Attribution Using a Recurrent Neural Network}},
	year = {2019},
	url = {https://arxiv.org/abs/1902.00215},
}
@article{hochreiter-1997,
	author = {Hochreiter, Sepp and Schmidhuber, Jürgen},
	journal = {Neural Computation},
	month = {11},
	number = {8},
	pages = {1735--1780},
	publisher = {The MIT Press},
	title = {{Long Short-Term Memory}},
	volume = {9},
	year = {1997},
	doi = {10.1162/neco.1997.9.8.1735},
}
@inproceedings{kumar-2020,
	author = {Kumar, Sachin and Gupta, Garima and Prasad, Ranjitha and Chatterjee, Arnab and Vig, Lovekesh and Shroff, Gautam R.},
	month = {11},
	title = {{CAMTA: Causal Attention Model for Multi-touch Attribution}},
	year = {2020},
	doi = {10.1109/icdmw51313.2020.00020},
	url = {https://doi.org/10.1109/icdmw51313.2020.00020}           ,
}
@misc{li-2018,
	author = {Li, Ning},
	month = {9},
	title = {{Deep Neural Net with Attention for Multi-channel Multi-touch Attribution}},
	year = {2018},
	url = {https://arxiv.org/abs/1809.02230},
}
@inproceedings{lundberg-2017,
	author = {Lundberg, Scott M. and Lee, Su-In},
	month = {12},
	pages = {4768--4777},
	title = {{A unified approach to interpreting model predictions}},
	volume = {30},
	year = {2017},
	url = {https://papers.nips.cc/paper/7062-a-unified-approach-to-interpreting-model-predictions.pdf},
}
@inproceedings{neil-2016,
	author = {Neil, Daniel and Pfeiffer, Michael and Liu, Shih-Chii},
	month = {12},
	pages = {3882--3890},
	title = {{Phased LSTM: Accelerating Recurrent Network Training for Long or Event-based Sequences}},
	volume = {29},
	year = {2016},
	doi = {10.5167/uzh-149394},
	url = {https://papers.nips.cc/paper/2016/file/5bce843dd76db8c939d5323dd3e54ec9-Paper.pdf},
}
@inproceedings{ren-2018,
	author = {Ren, Kan and Fang, Yuchen and Zhang, Weinan and Liu, Shuhao and Li, Jiajun and Zhang, Ya and Yu, Yong and Wang, Jun},
	month = {10},
	title = {{Learning Multi-touch Conversion Attribution with Dual-attention Mechanisms for Online Advertising}},
	year = {2018},
	doi = {10.1145/3269206.3271677},
	url = {https://doi.org/10.1145/3269206.3271677}                ,
}
@article{webster-2002,
	author = {Webster, Jane and Watson, Richard T.},
	journal = {Management Information Systems Quarterly},
	month = {6},
	number = {2},
	pages = {3--},
	publisher = {MIS Quarterly},
	title = {{Analyzing the past to prepare for the future: writing a literature review}},
	volume = {26},
	year = {2002},
	url = {https://web.njit.edu/~egan/Writing_A_Literature_Review.pdf},
}
@misc{yang-2020,
	author = {Yang, Dongdong},
	month = {3},
	title = {{Interpretable Deep Learning Model for Online Multi-touch Attribution}},
	year = {2020},
	url = {https://arxiv.org/abs/2004.00384},
}
@inproceedings{yao-2022,
	author = {Yao, Di and Gong, Chang-De and Zhang, Lei and Chen, Sheng and Bi, Jingping},
	month = {8},
	title = {{CausalMTA: Eliminating the User Confounding Bias for Causal Multi-touch Attribution}},
	year = {2022},
	doi = {10.1145/3534678.3539108},
	url = {https://doi.org/10.1145/3534678.3539108}                            ,
}

@article{zaremba-2020,
	author = {Zaremba, Arkadiusz},
	journal = {Journal of Marketing and Consumer Behaviour in Emerging Markets},
	month = {11},
	number = {10},
	pages = {4--23},
	title = {{Conversion Attribution:What Is Missed by the Advertising Industry?he OPEC Model and Its Consequencesfor Media Mix Modeling}},
	volume = {1/2020},
	year = {2020},
	doi = {10.7172/2449-6634.jmcbem.2020.1.1},
	url = {https://doi.org/10.7172/2449-6634.jmcbem.2020.1.1}      ,
}
@article{sherstinsky-2020,
	author = {Sherstinsky, A.},
	journal = {Physica D: Nonlinear Phenomena},
	month = {3},
	publisher = {Elsevier BV},
	title = {{Fundamentals of Recurrent Neural Network (RNN) and Long Short-Term Memory (LSTM) network}},
	year = {2020},
	doi = {10.1016/j.physd.2019.132306},
	url = {https://doi.org/10.1016/j.physd.2019.132306   },
}
@article{shapley-1951,
	author = {Shapley, Lloyd S.},
	journal = { },
	month = {8},
	title = {{Notes on the N-Person Game — II: The Value of an N-Person Game}},
	year = {1951},
	url = {https://www.rand.org/content/dam/rand/pubs/research_memoranda/2008/RM670.pdf},
}
@article{shapley-1952,
	author = {Shapley, Lloyd S.},
	journal = { },
	month = {3},
	title = {{A value for N-Person Games}},
	year = {1952},
	url = {},
}
@article{unknown-author-2023,
	author = {TensorFlow},
	title = {{GRUCell}},
	year = {2023},
	journal = {https://www.tensorflow.org/api\_docs/python/tf/keras/layers/GRUCell},
}
@article{patton-2022,
	author = {Patton, PhD, David},
	month = {3},
	title = {{Using TensorFlow ragged tensors - towards data science}},
	year = {2022},
	url = {https://towardsdatascience.com/using-tensorflow-ragged-tensors-2af07849a7bd},
}